@article{musa1993operational,
  title={Operational profiles in software-reliability engineering},
  author={Musa, J.D.},
  journal={Software, IEEE},
  volume={10},
  number={2},
  pages={14--32},
  year={1993},
  publisher={IEEE}
}
@inproceedings{chruscielski1997operational,
  title={An operational profile for the cartridge support software},
  author={Chruscielski, K. and Tian, J.},
  booktitle={PROCEEDINGS The Eighth International Symposium On Software Reliability Engineering},
  pages={203--212},
  year={1997},
  organization={IEEE}
}

